@inproceedings{dmdl,
	author = {Wang, P. and Petrova, M. and M{\"a}h{\"o}nen, P.},
	booktitle = {2018 IEEE Wireless Communications and Networking Conference (WCNC)},
	doi = {10.1109/WCNC.2018.8377397},
	issn = {1558-2612},
	keywords = {access protocols; directed graphs; finite state machines; hardware description languages; visual languages; DMDL; Decomposite MAC Description Language; MAC protocol design; modular design philosophy; elementary MAC function components; MAC protocols; finite state machines; Media Access Protocol; Tools; Concurrent computing; Data models; Libraries; Conferences},
	month = {April},
	number = {},
	pages = {1--6},
	title = {{DMDL}: A hierarchical approach to design, visualize, and implement {MAC} protocols},
	volume = {},
	year = {2018}
}

@article{osi,
	author = {Day, J. D. and Zimmermann, H.},
	doi = {10.1109/PROC.1983.12775},
	issn = {0018-9219},
	journal = {Proceedings of the IEEE},
	keywords = {Open systems; Standards development; ISO standards; Communication standards; Computer networks; Standards organizations; Protocols; Springs; ARPANET; Packet switching},
	month = {Dec},
	number = {12},
	pages = {1334--1340},
	title = {The {OSI} reference model},
	volume = {71},
	year = {1983}
}

@article{sdr,
	author = {Mitola, J.},
	doi = {10.1109/35.393001},
	issn = {0163-6804},
	journal = {IEEE Communications Magazine},
	keywords = {digital radio; reviews; channel coding; economics; telecommunication computing; software radio architecture; communications technology; review; architectures; benefits; canonical functional partitioning; channel coding; bitstream segment; antenna segment; RF segment; IF segment; baseband segment; hardware configurations; component hardware; economics; Software radio; Computer architecture; Radio control; Radio spectrum management; Modulation coding; Directive antennas; Mobile antennas; Receiving antennas; Transmitting antennas; Bit error rate},
	month = {May},
	number = {5},
	pages = {26--38},
	title = {The software radio architecture},
	volume = {33},
	year = {1995}
}

@misc{dmdlgit,
	author = {Wang, P.},
	commit = {7c4d9c3cec6cdb7319141311a49365972f0e9430},
	howpublished = {\url{https://github.com/joqoko/gr-dmdl.git}},
	journal = {GitHub repository},
	publisher = {GitHub},
	title = {gr-dmdl},
	year = {2018}
}

@misc{gr,
	howpublished = {{GNU} Radio},
	title = {{GNU} Radio},
    URL = {https://web.archive.org/web/20181222063329/https://www.gnuradio.org/},
	year = {2018},
    month = {Dec}
}

@misc{usrp,
	howpublished = {Ettus Research},
	title = {{U}niversal {S}oftware {R}adio {P}eripheral},
    URL = {https://web.archive.org/web/20181227084854/https://www.ettus.com/},
	year = {2018},
    month = {Dec}
}

@misc{labview,
	howpublished = {National Instruments},
	title = {{LAB} View},
    URL = {https://web.archive.org/web/20190107110739/http://www.ni.com/en-us/shop/labview.html},
	year = {2019},
    month = {Jan}
}

@article{hfsm,
    issn = {0278-0070},
    journal = {Computer-Aided Design of Integrated Circuits and Systems, IEEE Transactions on},
    pages = {742--760},
    volume = {18},
    publisher = {IEEE},
    number = {6},
    year = {1999},
    title = {Hierarchical finite state machines with multiple concurrency models},
    language = {eng},
    address = {USA},
    author = {Girault, A. and Bilung Lee and Lee, E.A.},
    keywords = {Components, Circuits, Devices and Systems ; Computing and Processing},
}

@techreport{sdf,
    Author = {Lee, Edward A.},
    Title = {A Denotational Semantics for Dataflow with Firing},
    Institution = {EECS Department, University of California, Berkeley},
    Year = {1997},
    URL = {http://www2.eecs.berkeley.edu/Pubs/TechRpts/1997/3167.html},
    Number = {UCB/ERL M97/3},
}

@ARTICLE{aloha,
author={M. Schwartz and N. Abramson},
journal={IEEE Communications Magazine},
title={The Alohanet - surfing for wireless data [History of Communications]},
year={2009},
volume={47},
number={12},
pages={21-25},
keywords={access protocols;radio networks;History;Alohanet;wireless data surfing;Aloha protocol;wired Ethernet;satellite communications;mobile wireless systems;History;Spread spectrum communication;Costs;Bandwidth;Wireless application protocol;Ethernet networks;Satellite communication;Wireless communication;Interference;Radiofrequency integrated circuits},
doi={10.1109/MCOM.2009.5350363},
ISSN={0163-6804},
month={Dec},}


@book{netlist,
publisher = {Springer},
isbn = {9780792376446},
year = {2007},
title = {Advanced ASIC Chip Synthesis : Using Synopsys® Design Compiler™ Physical Compiler™ and PrimeTime®},
language = {eng},
address = {Boston},
author = {Bhatnagar, Himanshu},
keywords = {Application-specific integrated circuits -- Computer-aided design ; Compilers (Computer programs) ; Logic design -- Data processing},
}
